<?xml version="1.0" encoding="UTF-8"?><collection xmlns="http://www.loc.gov/MARC21/slim"><record><leader>00402nam--2200145-i-4500</leader><controlfield tag="001">000036017</controlfield><controlfield tag="002">20161230</controlfield><controlfield tag="005">20161230201040</controlfield><controlfield tag="008">060222s1000------------r-----000-0-eng-d</controlfield><datafield ind1=" " ind2=" " tag="080"><subfield code="a">525.2/.241</subfield></datafield><datafield ind1=" " ind2=" " tag="100"><subfield code="a">Nishida, A</subfield></datafield><datafield ind1=" " ind2=" " tag="245"><subfield code="a">Geomagnetic diagnosis of the magnetosphere.with 119 figures</subfield></datafield><datafield ind1=" " ind2=" " tag="260"><subfield code="a">New York, Springer-verlag, 1978. 256p</subfield></datafield><datafield ind1=" " ind2=" " tag="490"><subfield code="a">Physics And Chemistry In Space</subfield></datafield><datafield ind1=" " ind2=" " tag="852"><subfield code="a">46523</subfield></datafield></record></collection>